@Misc{1,
  author       = {Movimento ODS},
  title        = {Transformando nosso mundo},
  howpublished = {Movimento Nacional ODS},
  year         = {2019},
  url          = {https://sc.movimentoods.org.br/agenda-2030/},
  urldate      = {2024-04-01},
}
@Misc{2,
  author       = {Instituto Butantan},
  title        = {Entenda o que é uma pandemia e as diferenças entre surto, epidemia e endemia},
  howpublished = {Portal do Butantan},
  year         = {2021},
  url          = {https://butantan.gov.br/covid/butantan-tira-duvida/tira-duvida-noticias/entenda-o-que-e-uma-pandemia-e-as-diferencas-entre-surto-epidemia-e-endemia},
  urldate      = {2024-04-01}
}
@Misc{3,
  author       = {Ministério da Saúde},
  title        = {Dengue},
  howpublished = {gov.br},
  url          = {https://www.gov.br/saude/pt-br/assuntos/saude-de-a-a-z/d/dengue#:~:text=A%20dengue%20faz%20parte%20de,significa%20%E2%80%9Codioso%20do%20Egito.},
  urldate      = {2024-04-01}
}
@Misc{4,
  author       = {Poder 360},
  title        = {Brasil ultrapassa 1.000 mortes por dengue em 2024},
  howpublished = {Poder 360},
  year         = {2024},
  url          = {https://www.poder360.com.br/poder-saude/saude/brasil-ultrapassa-1-000-mortes-por-dengue-em-2024/#:~:text=O%20n%C3%BAmero%20de%20pessoas%20mortas,prov%C3%A1veis%20no%20pa%C3%ADs%20neste%20ano.},
  urldate      = {2024-04-01}
}
@Misc{5,
  author       = {SESA - SECRETARIA DE ESTADO DA SAÚDE},
  title        = {Mitos e Verdades - Aesdes Aegypti},
  howpublished = {Portal do Governo do Espiríto Santo},
  year         = {2015},
  url          = {https://mosquito.saude.es.gov.br/mitos-e-verdades-aesdes-aegypti#:~:text=A%20f%C3%AAmea%20se%20alimenta%20de,casa%2C%20%C3%A0s%20calhas%20e%20terra%C3%A7os.},
  urldate      = {2024-04-05}
}
@Misc{6,
  author       = {Organização Pan-Americana da Saúde},
  title        = {Dengue},
  year         = {2024},
  url          = {https://www.paho.org/pt/topicos/dengue#:~:text=A%20dengue%20%C3%A9%20uma%20doen%C3%A7a,propor%C3%A7%C3%A3o%2C%20da%20esp%C3%A9cie%20Aedes%20albopictus.},
  urldate      = {2024-04-05}
}
@Misc{7,
  author       = {Ministério da Saúde},
  title        = {Dengue},
  howpublished = {Biblioteca Virtual em Saúde},
  year         = {2002},
  url          = {https://bvsms.saude.gov.br/dengue-16/},
  urldate      = {2024-04-03}
}
@Misc{8,
  author       = {Simone Machado},
  title        = {Dengue: quais remédios são contraindicados e quais podem ser usados para tratar sintomas},
  howpublished = {BBC News Brasil},
  year         = {2024},
  url          = {https://www.bbc.com/portuguese/articles/c72g3pymeygo},
  urldate      = {2024-04-05}
}
@Misc{9,
  author       = {Leonardo Rocha},
  title        = {Dicas simples podem ajudar na prevenção contra dengue na sua residênciae},
  howpublished = {Secretaria de Estado de Saúde},
  year         = {2024},
  url          = {https://www.saude.ms.gov.br/dicas-simples-podem-ajudar-na-prevencao-contra-dengue-na-sua-residencia/#:~:text=Evitar%20%C3%A1gua%20parada%20em%20pneus,adequada%20tamb%C3%A9m%20entra%20nesta%20lista./},
  urldate      = {2024-04-03}
}
@Misc{10,
  author       = {Serviços e Informações do Brasil},
  title        = {Censo 2022 indica que o Brasil totaliza 203 milhões de habitantes},
  howpublished = {gov.br},
  year         = {2023},
  url          = {https://www.gov.br/pt-br/noticias/financas-impostos-e-gestao-publica/2023/06/censo-2022-indica-que-o-brasil-totaliza-203-milhoes-de-habitantes},
  urldate      = {2024-04-03}
}
@Misc{11,
  author       = {Pedro Luiz Tauil},
  title        = {Aspectos críticos do controle do dengue no Brasil},
  howpublished = {SciELO)},
  year         = {2002},
  url          = {https://www.scielo.br/j/csp/a/c98RZLMkn9MqxgBmHTZTSFD/?lang=pt&format=pdf},
  urldate      = {2024-04-11}
}
@Misc{20,
  author       = {Olga Liotta},
  title        = {AGENTES DE ENDEMIAS FAZEM PREVENÇÃO E CONTROLE DA DENGUE DURANTE TODO O ANO},
  howpublished = {Prefeitura do Trabalho Osasco cidade da família},
  year         = {2024},
  url          = {https://osasco.sp.gov.br/agentes-de-endemias-fazem-prevencao-e-controle-da-dengue-durante-todo-o-ano/},
  urldate      = {2024-04-17}
}
@Misc{21,
  author       = {Secretaria de Atenção Primária à Saúde (SAPS)},
  title        = {RECOMENDAÇÕES PARA ADEQUAÇÃO DAS AÇÕES 
DOS AGENTES COMUNITÁRIOS DE SAÚDE FRENTE À ATUAL SITUAÇÃO EPIDEMIOLÓGICA 
REFERENTE AO
COVID-19},
  howpublished = {CONASEMS},
  url          = {https://www.conasems.org.br/wp-content/uploads/2020/04/20200403_recomendacoes_ACS_COVID19_ver002_final_b.pdf},
  urldate      = {2024-04-17}
}
@Misc{22,
  author       = {Santos.D; Freitas.A; Panhan.E; Olinda.R; Goulart.L; Berredo.V},
  title        = {CARACTERIZAÇÃO DOS CASOS DE DENGUE POR LOCALIZAÇÃO
NO INTERIOR DE MATO GROSSO ENTRE 2007 E 2016},
  howpublished = {Cogitare Enfermagem},
  year         = {2018},
  url          = {https://www.redalyc.org/journal/4836/483660655017/483660655017.pdf},
  urldate      = {2024-04-18}
}
@Misc{23,
  author       = {Kleiton Wagner Alves da Silva Nogueira},
  title        = {Mapeamento da COVID-19 no estado da Paraíba: Elementos para a espacialização e análise em ambiente SIG},
  howpublished = {Revista Metodologias e Aprendizado},
  year         = {2020},
  url          = {https://publicacoes.ifc.edu.br/index.php/metapre/article/view/1301/1008},
  urldate      = {2024-04-18}
}
@Misc{24,
  author       = {Melissa Cruz Cossetti},
  title        = {O que é inteligência artificial?},
  howpublished = {tecnoblog},
  year         = {2019},
  url          = {https://tecnoblog.net/responde/o-que-e-inteligencia-artificial/},
  urldate      = {2024-04-18}
}




@Comment{jabref-meta: databaseType:biblatex;}
